@ONLINE{hadoopdocs,
        AUTHOR="Dhruba Borthakur",
        TITLE="HDFS Architecture Guide",
        URL="http://hadoop.apache.org/docs/stable/hdfs_design.html",
        URLDATE="02/13/2013"
}
